<?xml version="1.0" encoding="UTF-8"?><record xmlns="http://www.loc.gov/MARC21/slim" xmlns:cinclude="http://apache.org/cocoon/include/1.0" xmlns:zs="http://www.loc.gov/zing/srw/">
  <leader>01614cz  a2200289n  4500</leader>
  <controlfield tag="001">n  94092669 </controlfield>
  <controlfield tag="003">DLC</controlfield>
  <controlfield tag="005">20151217102601.0</controlfield>
  <controlfield tag="008">940927n| azannaabn          |a aaa      </controlfield>
  <datafield tag="010" ind1=" " ind2=" ">
    <subfield code="a">n  94092669 </subfield>
  </datafield>
  <datafield tag="035" ind1=" " ind2=" ">
    <subfield code="a">(OCoLC)oca03687898</subfield>
  </datafield>
  <datafield tag="040" ind1=" " ind2=" ">
    <subfield code="a">DLC</subfield>
    <subfield code="b">eng</subfield>
    <subfield code="e">rda</subfield>
    <subfield code="c">DLC</subfield>
    <subfield code="d">PPi-MA</subfield>
    <subfield code="d">OU</subfield>
    <subfield code="d">DLC</subfield>
  </datafield>
  <datafield tag="046" ind1=" " ind2=" ">
    <subfield code="f">1921-12-21</subfield>
    <subfield code="g">2015-12-13</subfield>
    <subfield code="2">edtf</subfield>
  </datafield>
  <datafield tag="100" ind1="1" ind2=" ">
    <subfield code="a">Creatore, Luigi</subfield>
  </datafield>
  <datafield tag="370" ind1=" " ind2=" ">
    <subfield code="a">Manhattan (New York, N.Y.)</subfield>
    <subfield code="b">Boca Raton (Fla.)</subfield>
    <subfield code="2">naf</subfield>
  </datafield>
  <datafield tag="372" ind1=" " ind2=" ">
    <subfield code="a">Popular music</subfield>
    <subfield code="2">lcsh</subfield>
  </datafield>
  <datafield tag="374" ind1=" " ind2=" ">
    <subfield code="a">Composers</subfield>
    <subfield code="a">Lyricists</subfield>
    <subfield code="a">Sound recording executives and producers</subfield>
    <subfield code="2">lcsh</subfield>
  </datafield>
  <datafield tag="375" ind1=" " ind2=" ">
    <subfield code="a">male</subfield>
  </datafield>
  <datafield tag="377" ind1=" " ind2=" ">
    <subfield code="a">eng</subfield>
  </datafield>
  <datafield tag="378" ind1=" " ind2=" ">
    <subfield code="q">Luigi Federico</subfield>
  </datafield>
  <datafield tag="510" ind1="2" ind2=" ">
    <subfield code="w">r</subfield>
    <subfield code="i">Corporate body:</subfield>
    <subfield code="a">Hugo &amp; Luigi</subfield>
  </datafield>
  <datafield tag="670" ind1=" " ind2=" ">
    <subfield code="a">Maggie Flynn, 1969:</subfield>
    <subfield code="b">container (Luigi Creatore)</subfield>
  </datafield>
  <datafield tag="670" ind1=" " ind2=" ">
    <subfield code="a">All music guide WWW site, Jan. 5, 2011</subfield>
    <subfield code="b">(Luigi Creatore; b. Dec. 21, 1920, New York, NY)</subfield>
  </datafield>
  <datafield tag="670" ind1=" " ind2=" ">
    <subfield code="a">U.S. copyright file, Jan. 5, 2011</subfield>
    <subfield code="b">(Creatore, Luigi; Creatore, Luigi, 1920- [1 record]; Creatore, Luigi, 1921- [14 records]; Creatore, Luigi E.)</subfield>
  </datafield>
  <datafield tag="670" ind1=" " ind2=" ">
    <subfield code="a">ASCAP, 4th ed.</subfield>
    <subfield code="b">(Creatore, Luigi; b. Dec. 21, 1920, New York, NY; author, publisher, producer)</subfield>
  </datafield>
  <datafield tag="670" ind1=" " ind2=" ">
    <subfield code="a">This world is mine, 1947:</subfield>
    <subfield code="b">t.p. (Luigi Creatore) p. 4 of cover (son of musician Giuseppe Creatore)</subfield>
  </datafield>
  <datafield tag="670" ind1=" " ind2=" ">
    <subfield code="a">New York times WWW site, viewed Dec. 17, 2015</subfield>
    <subfield code="b">(in obituary published Dec. 15: Luigi Creatore; b. Luigi Federico Creatore, Dec. 21, 1921, Manhattan; d. Sunday [Dec. 13, 2015], Boca Raton, Fla., aged 93; songwriter and record producer who teamed with his cousin Hugo Peretti to create hits for Elvis Presley, Sam Cooke, Perry Como, and others; they were known professionally as Hugo &amp; Luigi)</subfield>
  </datafield>
</record>